@ARTICLE{blank,
author = {Peter Person},
title = {Big fancy title line},
journal = {the journey},
year = {1998}
}

@MASTERSTHESIS{jmcguin,
author = {Jason McGuiness},
title = {Something to do with this or that? who knows...},
year = {2006},
school = {University of Hertfordshire}
}

@MASTERSTHESIS{another,
author = {Frank Turner},
title = {Something to do with this or that? who knows...},
year = {2001},
school = {University of France}
}
